<?xml version="1.0" encoding="UTF-8"?><collection xmlns="http://www.loc.gov/MARC21/slim"><record><leader>00457nam--2200145-i-4500</leader><controlfield tag="001">000011338</controlfield><controlfield tag="002">20161230</controlfield><controlfield tag="005">20161230201029</controlfield><controlfield tag="008">060222s1000------------r-----000-0-eng-d</controlfield><datafield ind1=" " ind2=" " tag="080"><subfield code="a">536.24:536.75</subfield></datafield><datafield ind1=" " ind2=" " tag="100"><subfield code="a">Biot, Maurice A</subfield></datafield><datafield ind1=" " ind2=" " tag="245"><subfield code="a">Variational principles in heat transfer. a unified lagrangian analysis of dissipative phenomena,1970</subfield></datafield><datafield ind1=" " ind2=" " tag="260"><subfield code="a">Oxford,At The Clarendon Press,1970. X + 185p</subfield></datafield><datafield ind1=" " ind2=" " tag="490"><subfield code="a">Oxford Mathemaical Monographs</subfield></datafield><datafield ind1=" " ind2=" " tag="852"><subfield code="a">42050</subfield></datafield></record></collection>